@article{rouder2019most,
  title={Why most studies of individual differences with inhibition tasks are bound to fail},
  author={Rouder, Jeffrey and Kumar, Aakriti and Haaf, Julia M},
  year={2019},
  publisher={PsyArXiv}
}

@article{whitehead2020reliability,
  title={Reliability and convergence of conflict effects: An examination of evidence for domain-general attentional control.},
  author={Whitehead, Peter S and Brewer, Gene A and Blais, Chris},
  journal={Experimental Psychology},
  volume={67},
  number={5},
  pages={303},
  year={2020},
  publisher={Hogrefe Publishing}
}

@article{weigard2021cognitive,
  title={Cognitive efficiency beats top-down control as a reliable individual difference dimension relevant to self-control},
  author={Weigard, Alexander and Clark, D Angus and Sripada, Chandra},
  journal={Cognition},
  volume={215},
  pages={104818},
  year={2021},
  publisher={Elsevier}
}

@article{chen2021trial,
  title={Trial and error: A hierarchical modeling approach to test-retest reliability},
  author={Chen, Gang and Pine, Daniel S and Brotman, Melissa A and Smith, Ashley R and Cox, Robert W and Haller, Simone P},
  journal={NeuroImage},
  volume={245},
  pages={118647},
  year={2021},
  publisher={Elsevier}
}

@article{howlett2017effect,
  title={The effect of single-dose methylphenidate on the rate of error-driven learning in healthy males: a randomized controlled trial},
  author={Howlett, Jonathon R and Huang, He and Hysek, C{\'e}dric M and Paulus, Martin P},
  journal={Psychopharmacology},
  volume={234},
  number={22},
  pages={3353--3360},
  year={2017},
  publisher={Springer}
}

@article{nussenbaum2020moving,
  title={Moving developmental research online: comparing in-lab and web-based studies of model-based reinforcement learning},
  author={Nussenbaum, Kate and Scheuplein, Maximilian and Phaneuf, Camille V and Evans, Michael D and Hartley, Catherine A},
  journal={Collabra: Psychology},
  volume={6},
  number={1},
  year={2020},
  publisher={University of California Press}
}

@article{ito2021validating,
  title={Validating Habitual and Goal-Directed Decision-Making Performance Online in Healthy Older Adults},
  author={Ito, Kaori L and Cao, Laura and Reinberg, Renee and Keller, Brenton and Monterosso, John and Schweighofer, Nicolas and Liew, Sook-Lei},
  journal={Frontiers in aging neuroscience},
  volume={13},
  year={2021},
  publisher={Frontiers Media SA}
}

@article{chaytor2021construct,
  title={Construct validity, ecological validity and acceptance of self-administered online neuropsychological assessment in adults},
  author={Chaytor, Naomi S and Barbosa-Leiker, Celestina and Germine, Laura T and Fonseca, Luciana Mascarenhas and McPherson, Sterling M and Tuttle, Katherine R},
  journal={The Clinical Neuropsychologist},
  volume={35},
  number={1},
  pages={148--164},
  year={2021},
  publisher={Taylor \& Francis}
}

@article{stewart2015average,
  title={The average laboratory samples a population of 7,300 Amazon Mechanical Turk workers},
  author={Stewart, Neil and Ungemach, Christoph and Harris, Adam JL and Bartels, Daniel M and Newell, Ben R and Paolacci, Gabriele and Chandler, Jesse},
  journal={Judgment and Decision making},
  volume={10},
  number={5},
  pages={479--491},
  year={2015},
  publisher={SOC JUDGMENT \& DECISION MAKING}
}

@article{gillan2021smartphones,
  title={Smartphones and the neuroscience of mental health},
  author={Gillan, Claire M and Rutledge, Robb B},
  journal={Annual Review of Neuroscience},
  volume={44},
  pages={129},
  year={2021},
  publisher={NIH Public Access}
}

@book{embretson2013item,
  title={Item response theory},
  author={Embretson, Susan E and Reise, Steven P},
  year={2013},
  publisher={Psychology Press}
}

@ARTICLE{Parsons2019-jw,
  title     = "Psychological Science Needs a Standard Practice of Reporting the
               Reliability of {Cognitive-Behavioral} Measurements",
  author    = "Parsons, Sam and Kruijt, Anne-Wil and Fox, Elaine",
  journal   = "Advances in Methods and Practices in Psychological Science",
  publisher = "SAGE Publications Inc",
  volume    =  2,
  number    =  4,
  pages     = "378--395",
  year      =  2019
}

@ARTICLE{Pronk2022-mq,
  title    = "Methods to split cognitive task data for estimating split-half
              reliability: A comprehensive review and systematic assessment",
  author   = "Pronk, Thomas and Molenaar, Dylan and Wiers, Reinout W and Murre,
              Jaap",
  journal  = "Psychon. Bull. Rev.",
  volume   =  29,
  number   =  1,
  pages    = "44--54",
  month    =  feb,
  year     =  2022,
  language = "en"
}

@ARTICLE{Green2016-xw,
  title    = "Use of internal consistency coefficients for estimating
              reliability of experimental task scores",
  author   = "Green, Samuel B and Yang, Yanyun and Alt, Mary and Brinkley,
              Shara and Gray, Shelley and Hogan, Tiffany and Cowan, Nelson",
  journal  = "Psychon. Bull. Rev.",
  volume   =  23,
  number   =  3,
  pages    = "750--763",
  year     =  2016,
  language = "en"
}

@book{allen2001introduction,
  title={Introduction to measurement theory},
  author={Allen, Mary J and Yen, Wendy M},
  year={2001},
  publisher={Waveland Press}
}

@ARTICLE{Rouder2019-am,
  title    = "A psychometrics of individual differences in experimental tasks",
  author   = "Rouder, Jeffrey N and Haaf, Julia M",
  journal  = "Psychon. Bull. Rev.",
  volume   =  26,
  number   =  2,
  pages    = "452--467",
  year     =  2019,
  language = "en"
}

@article{haines2020learning,
  title={Learning from the reliability paradox: How theoretically informed generative models can advance the social, behavioral, and brain sciences},
  author={Haines, Nathaniel and Kvam, Peter D and Irving, LH and Smith, C and Beauchaine, Theodore P and Pitt, Mark A and Ahn, Woo-Young and Turner, Brandon},
  journal={PsyArXiv},
  year={2020}
}
