@article{spiegel2021relations,
  title={Relations between executive functions and academic outcomes in elementary school children: A meta-analysis.},
  author={Spiegel, Jamie A and Goodrich, J Marc and Morris, Brittany M and Osborne, Colleen M and Lonigan, Christopher J},
  journal={Psychological Bulletin},
  volume={147},
  number={4},
  pages={329},
  year={2021},
  publisher={American Psychological Association}
}

@article{peng2019meta,
  title={A meta-analysis on the relation between fluid intelligence and reading/mathematics: Effects of tasks, age, and social economics status.},
  author={Peng, Peng and Wang, Tengfei and Wang, CuiCui and Lin, Xin},
  journal={Psychological Bulletin},
  volume={145},
  number={2},
  pages={189},
  year={2019},
  publisher={American Psychological Association}
}

@article{salthouse2010selective,
  title={Selective review of cognitive aging},
  author={Salthouse, Timothy A},
  journal={Journal of the International neuropsychological Society},
  volume={16},
  number={5},
  pages={754--760},
  year={2010},
  publisher={Cambridge University Press}
}

@book{kline2015handbook,
  title={A handbook of test construction (psychology revivals): introduction to psychometric design},
  author={Kline, Paul},
  year={2015},
  publisher={Routledge}
}

@ARTICLE{Spearman1904-mo,
  title   = "'General intelligence,' objectively determined and measured",
  author  = "Spearman, C",
  journal = "Am. J. Psychol.",
  volume  =  15,
  number  =  2,
  pages   = "201--293",
  month   =  apr,
  year    =  1904
}

@article{arnon2020current,
  title={Do current statistical learning tasks capture stable individual differences in children? An investigation of task reliability across modality},
  author={Arnon, Inbal},
  journal={Behavior research methods},
  volume={52},
  number={1},
  pages={68--81},
  year={2020},
  publisher={Springer}
}

@article{cooper2017role,
  title={The role of psychometrics in individual differences research in cognition: A case study of the AX-CPT},
  author={Cooper, Shelly R and Gonthier, Corentin and Barch, Deanna M and Braver, Todd S},
  journal={Frontiers in psychology},
  volume={8},
  pages={1482},
  year={2017},
  publisher={Frontiers Media SA}
}

@article{taylor2022reliability,
  title={Reliability of the NIH toolbox cognitive battery in children and adolescents: a 3-year longitudinal examination},
  author={Taylor, Brittany K and Frenzel, Michaela R and Eastman, Jacob A and Wiesman, Alex I and Wang, Yu-Ping and Calhoun, Vince D and Stephen, Julia M and Wilson, Tony W},
  journal={Psychological medicine},
  volume={52},
  number={9},
  pages={1718--1727},
  year={2022},
  publisher={Cambridge University Press}
}

@article{pronk2022can,
  title={Can we measure individual differences in cognitive measures reliably via smartphones? A comparison of the flanker effect across device types and samples},
  author={Pronk, Thomas and Hirst, Rebecca J and Wiers, Reinout W and Murre, Jaap MJ},
  journal={Behavior Research Methods},
  pages={1--12},
  year={2022},
  publisher={Springer}
}

@article{bruder2021reliability,
  title={Reliability assessment of temporal discounting measures in virtual reality environments},
  author={Bruder, Luca R and Scharer, Lisa and Peters, Jan},
  journal={Scientific reports},
  volume={11},
  number={1},
  pages={1--16},
  year={2021},
  publisher={Nature Publishing Group}
}

@article{whitehead2019cognitive,
  title={Are cognitive control processes reliable?},
  author={Whitehead, Peter S and Brewer, Gene A and Blais, Chris},
  journal={Journal of experimental psychology: learning, memory, and cognition},
  volume={45},
  number={5},
  pages={765},
  year={2019},
  publisher={American Psychological Association}
}

@article{schmitz2016multiple,
  title={The multiple faces of risk-taking: Scoring alternatives for the balloon-analogue risk task.},
  author={Schmitz, Florian and Manske, Karsten and Preckel, Franzis and Wilhelm, Oliver},
  journal={European Journal of Psychological Assessment},
  volume={32},
  number={1},
  pages={17},
  year={2016},
  publisher={Hogrefe Publishing}
}

@article{loosen2022consistency,
  title={Consistency within change: Evaluating the psychometric properties of a widely-used predictive-inference task},
  author={Loosen, Alisa M and Seow, Tricia and Hauser, Tobias U},
  year={2022},
  publisher={PsyArXiv}
}

@ARTICLE{Lerche2017-yg,
  title    = "Retest reliability of the parameters of the Ratcliff diffusion
              model",
  author   = "Lerche, Veronika and Voss, Andreas",
  journal  = "Psychol. Res.",
  volume   =  81,
  number   =  3,
  pages    = "629--652",
  month    =  may,
  year     =  2017,
  language = "en"
}

@ARTICLE{Waltmann2022-zt,
  title    = "Sufficient reliability of the behavioral and computational
              readouts of a probabilistic reversal learning task",
  author   = "Waltmann, Maria and Schlagenhauf, Florian and Deserno, Lorenz",
  journal  = "Behav. Res. Methods",
  month    =  feb,
  year     =  2022,
  language = "en"
}

@ARTICLE{Green2016-xw,
  title    = "Use of internal consistency coefficients for estimating
              reliability of experimental task scores",
  author   = "Green, Samuel B and Yang, Yanyun and Alt, Mary and Brinkley,
              Shara and Gray, Shelley and Hogan, Tiffany and Cowan, Nelson",
  journal  = "Psychon. Bull. Rev.",
  volume   =  23,
  number   =  3,
  pages    = "750--763",
  month    =  jun,
  year     =  2016,
  language = "en"
}

@ARTICLE{Parsons2019-jw,
  title     = "Psychological Science Needs a Standard Practice of Reporting the
               Reliability of {Cognitive-Behavioral} Measurements",
  author    = "Parsons, Sam and Kruijt, Anne-Wil and Fox, Elaine",
  journal   = "Advances in Methods and Practices in Psychological Science",
  publisher = "SAGE Publications Inc",
  volume    =  2,
  number    =  4,
  pages     = "378--395",
  month     =  dec,
  year      =  2019
}

@article{hedge2018reliability,
  title={The reliability paradox: Why robust cognitive tasks do not produce reliable individual differences},
  author={Hedge, Craig and Powell, Georgina and Sumner, Petroc},
  journal={Behavior research methods},
  volume={50},
  number={3},
  pages={1166--1186},
  year={2018},
  publisher={Springer}
}

@ARTICLE{Koo2016-fz,
  title    = "A Guideline of Selecting and Reporting Intraclass Correlation
              Coefficients for Reliability Research",
  author   = "Koo, Terry K and Li, Mae Y",
  journal  = "J. Chiropr. Med.",
  volume   =  15,
  number   =  2,
  pages    = "155--163",
  month    =  jun,
  year     =  2016,
  language = "en"
}

@ARTICLE{Hedge2018-lf,
  title   = "The reliability paradox: Why robust cognitive tasks do not produce
             reliable individual differences",
  author  = "Hedge, Craig and Powell, Georgina and Sumner, Petroc",
  journal = "Behavior Research Methods",
  volume  =  50,
  number  =  3,
  pages   = "1166--1186",
  year    =  2018
}

@ARTICLE{Frey2017-uz,
  title    = "Risk preference shares the psychometric structure of major
              psychological traits",
  author   = "Frey, Renato and Pedroni, Andreas and Mata, Rui and Rieskamp,
              J{\"o}rg and Hertwig, Ralph",
  journal  = "Sci Adv",
  volume   =  3,
  number   =  10,
  pages    = "e1701381",
  month    =  oct,
  year     =  2017,
  language = "en"
}

@ARTICLE{Enkavi2019-oh,
  title   = "Large-scale analysis of test--retest reliabilities of
             self-regulation measures",
  author  = "Enkavi, A Zeynep and Eisenberg, Ian W and Bissett, Patrick G and
             Mazza, Gina L and MacKinnon, David P and Marsch, Lisa A and
             Poldrack, Russell A",
  journal = "Proceedings of the National Academy of Sciences",
  volume  =  116,
  number  =  12,
  pages   = "5472--5477",
  year    =  2019
}

@UNPUBLISHED{Von_Bastian2020-tm,
  title  = "Advancing the understanding of individual differences in
            attentional control: Theoretical, methodological, and analytical
            considerations",
  author = "von Bastian, Claudia C and Blais, Chris and Brewer, Gene A and
            Gyurkovics, Mate and Hedge, Craig and Ka{\l}ama{\l}a, Patrycja and
            Meier, Matt E and Oberauer, Klaus and Rey-Mermet, Alodie and
            Rouder, Jeffrey N and al., Et",
  month  =  jul,
  year   =  2020
}

@ARTICLE{Nitsch2022-pe,
  title    = "On the reliability of individual economic rationality
              measurements",
  author   = "Nitsch, Felix J and L{\"u}pken, Luca M and L{\"u}schow, Nils and
              Kalenscher, Tobias",
  journal  = "Proc. Natl. Acad. Sci. U. S. A.",
  volume   =  119,
  number   =  31,
  pages    = "e2202070119",
  month    =  aug,
  year     =  2022,
  language = "en"
}

@ARTICLE{Rouder2019-am,
  title    = "A psychometrics of individual differences in experimental tasks",
  author   = "Rouder, Jeffrey N and Haaf, Julia M",
  journal  = "Psychon. Bull. Rev.",
  volume   =  26,
  number   =  2,
  pages    = "452--467",
  month    =  apr,
  year     =  2019,
  language = "en"
}

@article{haines2020learning,
  title={Learning from the reliability paradox: How theoretically informed generative models can advance the social, behavioral, and brain sciences},
  author={Haines, Nathaniel and Kvam, Peter D and Irving, LH and Smith, C and Beauchaine, Theodore P and Pitt, Mark A and Ahn, Woo-Young and Turner, B},
  journal={PsyArXiv},
  year={2020}
}

@article{sullivan2022enhancing,
  title={Enhancing the Psychometric Properties of the Iowa Gambling Task Using Full Generative Modeling},
  author={Sullivan-Toole, Holly and Haines, Nathaniel and Dale, Kristina and Olino, Thomas and others},
  journal={Faculty/Researcher Works},
  year={2022}
}

@article{brown2020improving,
  title={Improving the reliability of computational analyses: Model-based planning and its relationship with compulsivity},
  author={Brown, Vanessa M and Chen, Jiazhou and Gillan, Claire M and Price, Rebecca B},
  journal={Biological Psychiatry: Cognitive Neuroscience and Neuroimaging},
  volume={5},
  number={6},
  pages={601--609},
  year={2020},
  publisher={Elsevier}
}

@article{snijder2022psychometric,
  title={On the Psychometric Evaluation of Cognitive Control Tasks: An Investigation with the Dual Mechanisms of Cognitive Control (DMCC) Battery},
  author={Snijder, Jean-Paul and Tang, Rongxiang and Bugg, Julie and Conway, Andrew RA and Braver, Todd},
  year={2022},
  publisher={PsyArXiv}
}

@article{waltmann2022sufficient,
  title={Sufficient reliability of the behavioral and computational readouts of a probabilistic reversal learning task},
  author={Waltmann, Maria and Schlagenhauf, Florian and Deserno, Lorenz},
  journal={Behavior Research Methods},
  pages={1--22},
  year={2022},
  publisher={Springer}
}

@article{siegelman2017measuring,
  title={Measuring individual differences in statistical learning: Current pitfalls and possible solutions},
  author={Siegelman, Noam and Bogaerts, Louisa and Frost, Ram},
  journal={Behavior research methods},
  volume={49},
  number={2},
  pages={418--432},
  year={2017},
  publisher={Springer}
}

@article{oswald2015development,
  title={The development of a short domain-general measure of working memory capacity},
  author={Oswald, Frederick L and McAbee, Samuel T and Redick, Thomas S and Hambrick, David Z},
  journal={Behavior research methods},
  volume={47},
  number={4},
  pages={1343--1355},
  year={2015},
  publisher={Springer}
}

@article{kyllonen2019general,
  title={General fluid/inductive reasoning battery for a high-ability population},
  author={Kyllonen, Patrick and Hartman, Robert and Sprenger, Amber and Weeks, Jonathan and Bertling, Maria and McGrew, Kevin and Kriz, Sarah and Bertling, Jonas and Fife, James and Stankov, Lazar},
  journal={Behavior Research Methods},
  volume={51},
  number={2},
  pages={507--522},
  year={2019},
  publisher={Springer}
}

@article{mclean2018towards,
  title={Towards a reliable repeated-measures beads task for assessing the jumping to conclusions bias},
  author={McLean, Benjamin F and Mattiske, Julie K and Balzan, Ryan P},
  journal={Psychiatry research},
  volume={265},
  pages={200--207},
  year={2018},
  publisher={Elsevier}
}

@article{hausknecht2007retesting,
  title={Retesting in selection: a meta-analysis of coaching and practice effects for tests of cognitive ability.},
  author={Hausknecht, John P and Halpert, Jane A and Di Paolo, Nicole T and Moriarty Gerrard, Meghan O},
  journal={Journal of Applied Psychology},
  volume={92},
  number={2},
  pages={373},
  year={2007},
  publisher={American Psychological Association}
}

@article{scharfen2018retest,
  title={Retest effects in cognitive ability tests: A meta-analysis},
  author={Scharfen, Jana and Peters, Judith Marie and Holling, Heinz},
  journal={Intelligence},
  volume={67},
  pages={44--66},
  year={2018},
  publisher={Elsevier}
}

@article{paredes2021psychometric,
  title={The Psychometric Properties of the Pavlovian Instrumental Transfer Task in an Online Adult Sample},
  author={Paredes, Natalie and Zorowitz, Samuel and Niv, Yael},
  journal={Biological Psychiatry},
  volume={89},
  number={9},
  pages={S132},
  year={2021},
  publisher={Elsevier}
}

@article{salthouse2010influence,
  title={Influence of age on practice effects in longitudinal neurocognitive change.},
  author={Salthouse, Timothy A},
  journal={Neuropsychology},
  volume={24},
  number={5},
  pages={563},
  year={2010},
  publisher={American Psychological Association}
}

@article{anokhin2022age,
  title={Age-related changes and longitudinal stability of individual differences in ABCD Neurocognition measures},
  author={Anokhin, Andrey P and Luciana, Monica and Banich, Marie and Barch, Deanna and Bjork, James M and Gonzalez, Marybel R and Gonzalez, Raul and Haist, Frank and Jacobus, Joanna and Lisdahl, Krista and others},
  journal={Developmental Cognitive Neuroscience},
  volume={54},
  pages={101078},
  year={2022},
  publisher={Elsevier}
}

@article{kucina2022solution,
  title={A solution to the reliability paradox for decision-conflict tasks},
  author={Kucina, Talira and Wells, Lindsay and Lewis, Ian and de Salas, Kristy and Kohl, Amelia and Palmer, Matthew and Sauer, James D and Matzke, Dora and Aidman, Eugene and Heathcote, Andrew},
  year={2022},
  publisher={PsyArXiv}
}

@article{gulliksen1945relation,
  title={The relation of item difficulty and inter-item correlation to test variance and reliability},
  author={Gulliksen, Harold},
  journal={Psychometrika},
  volume={10},
  number={2},
  pages={79--91},
  year={1945},
  publisher={Springer}
}

@article{ferrando2007external,
  title={The External Validity of Scores Based on the Two-Parameter Logistic Model: Some Comparisons between IRT and CTT.},
  author={Ferrando, Pere J and Chico, Eliseo},
  journal={Psicologica: International Journal of Methodology and Experimental Psychology},
  volume={28},
  number={2},
  pages={237--257},
  year={2007},
  publisher={ERIC}
}

@article{lord1952relation,
  title={The relation of the reliability of multiple-choice tests to the distribution of item difficulties},
  author={Lord, Frederic M},
  journal={Psychometrika},
  volume={17},
  number={2},
  pages={181--194},
  year={1952},
  publisher={Springer}
}

@article{feldt1993relationship,
  title={The relationship between the distribution of item difficulties and test reliability},
  author={Feldt, Leonard S},
  journal={Applied measurement in education},
  volume={6},
  number={1},
  pages={37--48},
  year={1993},
  publisher={Taylor \& Francis}
}

@article{paap2016role,
  title={The role of test-retest reliability in measuring individual and group differences in executive functioning},
  author={Paap, Kenneth R and Sawi, Oliver},
  journal={Journal of Neuroscience Methods},
  volume={274},
  pages={81--93},
  year={2016},
  publisher={Elsevier}
}

@article{price2015empirical,
  title={Empirical recommendations for improving the stability of the dot-probe task in clinical research.},
  author={Price, Rebecca B and Kuckertz, Jennie M and Siegle, Greg J and Ladouceur, Cecile D and Silk, Jennifer S and Ryan, Neal D and Dahl, Ronald E and Amir, Nader},
  journal={Psychological assessment},
  volume={27},
  number={2},
  pages={365},
  year={2015},
  publisher={American Psychological Association}
}

@article{aday2019extended,
  title={Extended testing with the dot-probe task increases test--retest reliability and validity},
  author={Aday, Jacob S and Carlson, Joshua M},
  journal={Cognitive processing},
  volume={20},
  number={1},
  pages={65--72},
  year={2019},
  publisher={Springer}
}

@article{klingelhoefer2022robust,
  title={Robust group-but limited individual-level (longitudinal) reliability and insights into cross-phases response prediction of conditioned fear},
  author={Klingelhoefer-Jens, Maren and Ehlers, Mana R and Kuhn, Manuel and Keyaniyan, Vincent and Lonsdorf, Tina B},
  journal={bioRxiv},
  year={2022},
  publisher={Cold Spring Harbor Laboratory}
}

@article{sailer2017gamification,
  title={How gamification motivates: An experimental study of the effects of specific game design elements on psychological need satisfaction},
  author={Sailer, Michael and Hense, Jan Ulrich and Mayr, Sarah Katharina and Mandl, Heinz},
  journal={Computers in human behavior},
  volume={69},
  pages={371--380},
  year={2017},
  publisher={Elsevier}
}

@article{verdejo2021unified,
  title={A unified online test battery for cognitive impulsivity reveals relationships with real-world impulsive behaviours},
  author={Verdejo-Garcia, Antonio and Tiego, Jeggan and Kakoschke, Naomi and Moskovsky, Neda and Voigt, Katharina and Anderson, Alexandra and Koutoulogenis, Julia and Lubman, Dan I and Bellgrove, Mark A},
  journal={Nature Human Behaviour},
  volume={5},
  number={11},
  pages={1562--1577},
  year={2021},
  publisher={Nature Publishing Group}
}

@article{hughes2002measuring,
  title={Measuring executive functions in childhood: Problems and solutions?},
  author={Hughes, Claire and Graham, Andrew},
  journal={Child and adolescent mental health},
  volume={7},
  number={3},
  pages={131--142},
  year={2002},
  publisher={Wiley Online Library}
}

@article{wilson2019ten,
  title={Ten simple rules for the computational modeling of behavioral data},
  author={Wilson, Robert C and Collins, Anne GE},
  journal={Elife},
  volume={8},
  pages={e49547},
  year={2019},
  publisher={eLife Sciences Publications Limited}
}

@article{palminteri2017importance,
  title={The importance of falsification in computational cognitive modeling},
  author={Palminteri, Stefano and Wyart, Valentin and Koechlin, Etienne},
  journal={Trends in cognitive sciences},
  volume={21},
  number={6},
  pages={425--433},
  year={2017},
  publisher={Elsevier}
}

@article{broomell2014parameter,
  title={Parameter recovery for decision modeling using choice data.},
  author={Broomell, Stephen B and Bhatia, Sudeep},
  journal={Decision},
  volume={1},
  number={4},
  pages={252},
  year={2014},
  publisher={Educational Publishing Foundation}
}

@article{melinscak2020computational,
  title={Computational optimization of associative learning experiments},
  author={Melinscak, Filip and Bach, Dominik R},
  journal={PLoS computational biology},
  volume={16},
  number={1},
  pages={e1007593},
  year={2020},
  publisher={Public Library of Science San Francisco, CA USA}
}

@article{katahira2016hierarchical,
  title={How hierarchical models improve point estimates of model parameters at the individual level},
  author={Katahira, Kentaro},
  journal={Journal of Mathematical Psychology},
  volume={73},
  pages={37--58},
  year={2016},
  publisher={Elsevier}
}

@article{anders2018improved,
  title={Improved information pooling for hierarchical cognitive models through multiple and covaried regression},
  author={Anders, R and Oravecz, Z and Alario, F-X},
  journal={Behavior Research Methods},
  volume={50},
  number={3},
  pages={989--1010},
  year={2018},
  publisher={Springer}
}

@ARTICLE{Curran2016-bt,
  title    = "Improving Factor Score Estimation Through the Use of Observed
              Background Characteristics",
  author   = "Curran, Patrick J and Cole, Veronica and Bauer, Daniel J and
              Hussong, Andrea M and Gottfredson, Nisha",
  journal  = "Struct. Equ. Modeling",
  volume   =  23,
  number   =  6,
  pages    = "827--844",
  month    =  sep,
  year     =  2016,
  language = "en"
}

@article{myung2013tutorial,
  title={A tutorial on adaptive design optimization},
  author={Myung, Jay I and Cavagnaro, Daniel R and Pitt, Mark A},
  journal={Journal of mathematical psychology},
  volume={57},
  number={3-4},
  pages={53--67},
  year={2013},
  publisher={Elsevier}
}

@article{gonthier2018measuring,
  title={Measuring working memory capacity in children using adaptive tasks: Example validation of an adaptive complex span},
  author={Gonthier, Corentin and Aubry, Alexandre and Bourdin, B{\'e}atrice},
  journal={Behavior Research Methods},
  volume={50},
  number={3},
  pages={910--921},
  year={2018},
  publisher={Springer}
}

@article{ahn2020rapid,
  title={Rapid, precise, and reliable measurement of delay discounting using a Bayesian learning algorithm},
  author={Ahn, Woo-Young and Gu, Hairong and Shen, Yitong and Haines, Nathaniel and Hahn, Hunter A and Teater, Julie E and Myung, Jay I and Pitt, Mark A},
  journal={Scientific reports},
  volume={10},
  number={1},
  pages={1--10},
  year={2020},
  publisher={Nature Publishing Group}
}

@article{ballard2019joint,
  title={Joint modeling of reaction times and choice improves parameter identifiability in reinforcement learning models},
  author={Ballard, Ian C and McClure, Samuel M},
  journal={Journal of Neuroscience Methods},
  volume={317},
  pages={37--44},
  year={2019},
  publisher={Elsevier}
}

@article{shahar2019improving,
  title={Improving the reliability of model-based decision-making estimates in the two-stage decision task with reaction-times and drift-diffusion modeling},
  author={Shahar, Nitzan and Hauser, Tobias U and Moutoussis, Michael and Moran, Rani and Keramati, Mehdi and Nspn Consortium and Dolan, Raymond J},
  journal={PLoS computational biology},
  volume={15},
  number={2},
  pages={e1006803},
  year={2019},
  publisher={Public Library of Science San Francisco, CA USA}
}

@article{bertling2018using,
  title={Using response time data to reduce testing time in cognitive tests.},
  author={Bertling, Maria and Weeks, Jonathan P},
  journal={Psychological Assessment},
  volume={30},
  number={3},
  pages={328},
  year={2018},
  publisher={American Psychological Association}
}

@article{castille2019comparing,
  title={Comparing MTurk and the US population’s occupational diversity},
  author={Castille, Christopher Michael and Avet, Sarah and Daigle, Kathryn},
  year={2019},
  publisher={OSF Preprints}
}

@article{newman2021data,
  title={Data collection via online platforms: Challenges and recommendations for future research},
  author={Newman, Alexander and Bavik, Yuen Lam and Mount, Matthew and Shao, Bo},
  journal={Applied Psychology},
  volume={70},
  number={3},
  pages={1380--1402},
  year={2021},
  publisher={Wiley Online Library}
}

@article{chandler2019online,
  title={Online panels in social science research: Expanding sampling methods beyond Mechanical Turk},
  author={Chandler, Jesse and Rosenzweig, Cheskie and Moss, Aaron J and Robinson, Jonathan and Litman, Leib},
  journal={Behavior research methods},
  volume={51},
  number={5},
  pages={2022--2038},
  year={2019},
  publisher={Springer}
}

@article{gillan2021smartphones,
  title={Smartphones and the neuroscience of mental health},
  author={Gillan, Claire M and Rutledge, Robb B},
  journal={Annual Review of Neuroscience},
  volume={44},
  pages={129},
  year={2021},
  publisher={NIH Public Access}
}

@article{brown1910some,
  title={Some experimental results in the correlation of mental abilities 1},
  author={Brown, William},
  journal={British Journal of Psychology, 1904-1920},
  volume={3},
  number={3},
  pages={296--322},
  year={1910},
  publisher={Blackwell Publishing Ltd Oxford, UK}
}

@article{spearman1910correlation,
  title={Correlation calculated from faulty data},
  author={Spearman, Charles},
  journal={British journal of psychology},
  volume={3},
  number={3},
  pages={271},
  year={1910},
  publisher={Cambridge University Press}
}

@article{barbosa2022practical,
  title={A practical guide for studying human behavior in the lab},
  author={Barbosa, Joao and Stein, Heike and Zorowitz, Sam and Niv, Yael and Summerfield, Christopher and Soto-Faraco, Salvador and Hyafil, Alexandre},
  journal={Behavior Research Methods},
  pages={1--19},
  year={2022},
  publisher={Springer}
}

@article{alexander2003effects,
  title={The effects of practice on the cognitive test performance of neurologically normal individuals assessed at brief test--retest intervals},
  author={Alexander, Collie and Paul, Maruff and Michael, Mcstephen and others},
  journal={Journal of the International Neuropsychological Society},
  volume={9},
  number={3},
  pages={419--428},
  year={2003},
  publisher={Cambridge University Press}
}

@article{yoo2022importance,
  title={The importance of linguistic information in human reinforcement learning},
  author={Yoo, Aspen H and Keglovits, Haley and Collins, Anne},
  year={2022},
  publisher={PsyArXiv}
}

@article{banziger2012introducing,
  title={Introducing the Geneva Multimodal expression corpus for experimental research on emotion perception.},
  author={B{\"a}nziger, Tanja and Mortillaro, Marcello and Scherer, Klaus R},
  journal={Emotion},
  volume={12},
  number={5},
  pages={1161},
  year={2012},
  publisher={American Psychological Association}
}

@article{lobue2015child,
  title={The Child Affective Facial Expression (CAFE) set: Validity and reliability from untrained adults},
  author={LoBue, Vanessa and Thrasher, Cat},
  journal={Frontiers in psychology},
  volume={5},
  pages={1532},
  year={2015},
  publisher={Frontiers Media SA}
}

@article{trafimow2015defense,
  title={A defense against the alleged unreliability of difference scores},
  author={Trafimow, David},
  journal={Cogent Mathematics},
  volume={2},
  number={1},
  pages={1064626},
  year={2015},
  publisher={Taylor \& Francis}
}

@article{rey2019executive,
  title={Is executive control related to working memory capacity and fluid intelligence?},
  author={Rey-Mermet, Alodie and Gade, Miriam and Souza, Alessandra S and Von Bastian, Claudia C and Oberauer, Klaus},
  journal={Journal of Experimental Psychology: General},
  volume={148},
  number={8},
  pages={1335},
  year={2019},
  publisher={American Psychological Association}
}

@article{draheim2019reaction,
  title={Reaction time in differential and developmental research: A review and commentary on the problems and alternatives.},
  author={Draheim, Christopher and Mashburn, Cody A and Martin, Jessie D and Engle, Randall W},
  journal={Psychological Bulletin},
  volume={145},
  number={5},
  pages={508},
  year={2019},
  publisher={American Psychological Association}
}

@article{chiou1996reliability,
  title={The reliability of difference scores: A re-examination},
  author={Chiou, Jyh-shen and Spreng, Richard A},
  journal={The Journal of Consumer Satisfaction, Dissatisfaction and Complaining Behavior},
  volume={9},
  pages={158--167},
  year={1996}
}

@article{lord1956measurement,
  title={The measurement of growth},
  author={Lord, Frederic M},
  journal={ETS Research Bulletin Series},
  volume={1956},
  number={1},
  pages={i--22},
  year={1956},
  publisher={Wiley Online Library}
}

@article{cronbach1970we,
  title={How we should measure" change": Or should we?},
  author={Cronbach, Lee J and Furby, Lita},
  journal={Psychological bulletin},
  volume={74},
  number={1},
  pages={68},
  year={1970},
  publisher={American Psychological Association}
}

@article{edwards2001ten,
  title={Ten difference score myths},
  author={Edwards, Jeffrey R},
  journal={Organizational research methods},
  volume={4},
  number={3},
  pages={265--287},
  year={2001},
  publisher={Sage Publications}
}

@article{kofler2013reaction,
  title={Reaction time variability in ADHD: a meta-analytic review of 319 studies},
  author={Kofler, Michael J and Rapport, Mark D and Sarver, Dustin E and Raiker, Joseph S and Orban, Sarah A and Friedman, Lauren M and Kolomeyer, Ellen G},
  journal={Clinical psychology review},
  volume={33},
  number={6},
  pages={795--811},
  year={2013},
  publisher={Elsevier}
}

@article{saville2011stability,
  title={On the stability of instability: Optimising the reliability of intra-subject variability of reaction times},
  author={Saville, Christopher WN and Pawling, Ralph and Trullinger, Mark and Daley, David and Intriligator, James and Klein, Christoph},
  journal={Personality and individual differences},
  volume={51},
  number={2},
  pages={148--153},
  year={2011},
  publisher={Elsevier}
}

@article{keutmann2015generating,
  title={Generating an item pool for translational social cognition research: methodology and initial validation},
  author={Keutmann, Michael K and Moore, Samantha L and Savitt, Adam and Gur, Ruben C},
  journal={Behavior research methods},
  volume={47},
  number={1},
  pages={228--234},
  year={2015},
  publisher={Springer}
}